@article {
  art:REF_ART_1,
  author = {BLICKENSTAFF, LOREN D. and MORRIS, JAMES M.},
  title = {Fatigue Fracture of the Femoral Neck},
  journal = {The Journal of Bone \& Joint Surgery},
  volume = {48},
  number = {6},
  pages = {1031-1047},
  year = {1966}
}
@article{yeh2013alloy,
  title={Alloy design strategies and future trends in high-entropy alloys},
  author={Yeh, Jien-Wei},
  journal={Jom},
  volume={65},
  number={12},
  pages={1759--1771},
  year={2013},
  publisher={Springer}
}

@article{fernandes2005inteligencia,
  title={Intelig{\^e}ncia Artificial: no{\c{c}}{\~o}es gerais},
  author={Fernandes, Anita Maria da Rocha},
  journal={Florian{\'o}polis: VisualBooks},
  year={2005}
}

@misc{fernando2020cadeiaMarkov,
  author = {Lucambio Perez, Fernando},
  title = {Cadeias de Markov},
  url={http://leg.ufpr.br/~lucambio/CM/CMI.html},
  year = {2020}, 
  urlaccessdate={setembro 2021}
}

@book{geron2019hands,
  title={Hands-on machine learning with Scikit-Learn, Keras, and TensorFlow: Concepts, tools, and techniques to build intelligent systems},
  author={G{\'e}ron, Aur{\'e}lien},
  year={2019},
  publisher={O'Reilly Media}
}
@BOOK{thermodynamicsOfSolid,
author={R.A. Swalin},
title={Thermodynamics of Solid},
publisher={Wiley},
year={1972},
volume={2nd ed.}
}
@article{tsai2013sluggish,
  title={Sluggish diffusion in Co--Cr--Fe--Mn--Ni high-entropy alloys},
  author={Tsai, K-Y and Tsai, M-H and Yeh, J-W},
  journal={Acta Materialia},
  volume={61},
  number={13},
  pages={4887--4897},
  year={2013},
  publisher={Elsevier}
}

@article{tong2005mechanical,
  title={Mechanical performance of the Al x CoCrCuFeNi high-entropy alloy system with multiprincipal elements},
  author={Tong, Chung-Jin and Chen, Min-Rui and Yeh, Jien-Wei and Lin, Su-Jien and Chen, Swe-Kai and Shun, Tao-Tsung and Chang, Shou-Yi},
  journal={Metallurgical and Materials Transactions A},
  volume={36},
  number={5},
  pages={1263--1271},
  year={2005},
  publisher={Springer}
}


@article{senkov2010refractory,
  title={Refractory high-entropy alloys},
  author={Senkov, ON and Wilks, GB and Miracle, DB and Chuang, CP and Liaw, PK},
  journal={Intermetallics},
  volume={18},
  number={9},
  pages={1758--1765},
  year={2010},
  publisher={Elsevier}
}

@article{yeh2004nanostructured,
  title={Nanostructured high-entropy alloys with multiple principal elements: novel alloy design concepts and outcomes},
  author={Yeh, J-W and Chen, S-K and Lin, S-J and Gan, J-Y and Chin, T-S and Shun, T-T and Tsau, C-H and Chang, S-Y},
  journal={Advanced Engineering Materials},
  volume={6},
  number={5},
  pages={299--303},
  year={2004},
  publisher={Wiley Online Library}
}

@article{jien2006recent,
  title={Recent progress in high entropy alloys},
  author={Jien-Wei, YEH},
  journal={Ann. Chim. Sci. Mat},
  volume={31},
  number={6},
  pages={633--648},
  year={2006}
}

@article{yeh2007anomalous,
  title={Anomalous decrease in X-ray diffraction intensities of Cu--Ni--Al--Co--Cr--Fe--Si alloy systems with multi-principal elements},
  author={Yeh, Jien-Wei and Chang, Shou-Yi and Hong, Yu-Der and Chen, Swe-Kai and Lin, Su-Jien},
  journal={Materials chemistry and physics},
  volume={103},
  number={1},
  pages={41--46},
  year={2007},
  publisher={Elsevier}
}


@article{gao2016high,
  title={High-entropy alloys},
  author={Gao, Michael C and Yeh, Jien-Wei and Liaw, Peter K and Zhang, Yong and others},
  journal={Cham: Springer International Publishing},
  year={2016},
  publisher={Springer}
}

@article{qiao2021focused,
  title={A focused review on machine learning aided high-throughput methods in high entropy alloy},
  author={Qiao, Ling and Liu, Yong and Zhu, Jingchuan},
  journal={Journal of Alloys and Compounds},
  pages={160295},
  year={2021},
  publisher={Elsevier}
}


@article{couzinie2018comprehensive,
  title={Comprehensive data compilation on the mechanical properties of refractory high-entropy alloys},
  author={Couzini{\'e}, J-P and Senkov, ON and Miracle, DB and Dirras, G},
  journal={Data in brief},
  volume={21},
  pages={1622--1641},
  year={2018},
  publisher={Elsevier}
}

@book{murty2019high,
  title={High-entropy alloys},
  author={Murty, Bhagevatula Satyanarayana and Yeh, Jien-Wei and Ranganathan, Srinivasa and Bhattacharjee, PP},
  year={2019},
  publisher={Elsevier}
}

@book{dieter1976mechanical,
  title={Mechanical metallurgy},
  author={Dieter, George Ellwood and Bacon, David J},
  volume={3},
  year={1976},
  publisher={McGraw-hill New York}
}

@book{michalski2013machine,
  title={Machine learning: An artificial intelligence approach},
  author={Michalski, Ryszard Stanislaw and Carbonell, Jaime Guillermo and Mitchell, Tom M},
  year={2013},
  publisher={Springer Science \& Business Media}
}

@book{dangeti2017statistics,
  title={Statistics for machine learning},
  author={Dangeti, Pratap},
  year={2017},
  publisher={Packt Publishing Ltd}
}

@book{de2007redes,
  title={Redes neurais artificiais: teoria e aplica{\c{c}}{\~o}es},
  author={de P{\'a}dua Braga, Ant{\^o}nio and de Leon Ferreira, Andr{\'e} Carlos Ponce and Ludermir, Teresa Bernarda},
  year={2007},
  publisher={LTC Editora Rio de Janeiro, Brazil:}
}

@article{smola2008introduction,
  title={Introduction to machine learning},
  author={Smola, Alex and Vishwanathan, SVN},
  journal={Cambridge University, UK},
  volume={32},
  number={34},
  pages={2008},
  year={2008}
}

@article{hsu2004wear,
  title={Wear resistance and high-temperature compression strength of Fcc CuCoNiCrAl 0.5 Fe alloy with boron addition},
  author={Hsu, Chin-you and Yeh, Jien-Wei and Chen, Swe-Kai and Shun, Tao-Tsung},
  journal={Metallurgical and Materials Transactions A},
  volume={35},
  number={5},
  pages={1465--1469},
  year={2004},
  publisher={Springer}
}

@MISC{
britannicaSS,
TITLE = "Solid solution",
journal={Encyclopedia Britannica},
author = {Perkowitz, Sidney.},
HOWPUBLISHED = {\url{https://www.britannica.com/science/solid-solution}},
NOTE = "Acesso Junho 2021",
year={2016}
}

@MISC{
khanacademy,
TITLE = "Espontaneidade e energia livre de Gibbs",
journal={Khan Academy},
HOWPUBLISHED = {\url{https://pt.khanacademy.org/science/chemistry/thermodynamics-chemistry/gibbs-free-energy/a/gibbs-free-energy-and-spontaneity}},
NOTE = "acessado em 27/06/2021"
}

@book{gaskell2012introduction,
  title={Introduction to the Thermodynamics of Materials},
  author={Gaskell, David R},
  year={2012},
  publisher={CRC press}
}

@article{kao2011electrical,
  title={Electrical, magnetic, and Hall properties of AlxCoCrFeNi high-entropy alloys},
  author={Kao, Yih-Farn and Chen, Swe-Kai and Chen, Ting-Jie and Chu, Po-Chou and Yeh, Jien-Wei and Lin, Su-Jien},
  journal={Journal of alloys and compounds},
  volume={509},
  number={5},
  pages={1607--1614},
  year={2011},
  publisher={Elsevier}
}

@book{brooks1982heat,
  title={Heat treatment, structure, and properties of nonferr ous alloys},
  author={Brooks, Charlie R},
  year={1982}
}

@book{callister2011materials,
  title={Materials science and engineering},
  author={Callister, William D and Rethwisch, David G},
  volume={5},
  year={2014},
  publisher={John wiley \& sons NY}
}

@article{ye2016high,
  title={High-entropy alloy: challenges and prospects},
  author={Ye, YF and Wang, Qing and Lu, Jiatian and Liu, CT and Yang, Yancong},
  journal={Materials Today},
  volume={19},
  number={6},
  pages={349--362},
  year={2016},
  publisher={Elsevier}
}

@article{massalski1996structure,
  title={Structure and stability of alloys},
  author={Massalski, TB},
  journal={Physical metallurgy},
  volume={1},
  pages={134},
  year={1996},
  publisher={Elsevier, Amsterdam}
}

@book{porter2009phase,
  title={Phase transformations in metals and alloys (revised reprint)},
  author={Porter, David A and Easterling, Kenneth E},
  year={2009},
  publisher={CRC press}
}

@article{swalin1962thermodynamics,
  title={Thermodynamics of solids},
  author={Swalin, Richard A and Arents, John},
  journal={Journal of The Electrochemical Society},
  volume={109},
  number={12},
  pages={308C},
  year={1962},
  publisher={IOP Publishing}
}

%  livros uteis 



@book{davis1990metals,
  title={Metals Handbook: Irons, Steels, and High-performance Alloys. Properties and Selection},
  author={Davis, Joseph R and Mills, Kathleen M and Lampman, Steve and Zorc, Theodore B and Lapman, Heather F and Crankovic, George M and Ronke, Alice W and Henry, Scott D and Daquila, Janice L},
  year={1990},
  publisher={ASM International}
}

@book{kittel1996introduction,
  title={Introduction to solid state physics},
  author={Kittel, Charles and McEuen, Paul and McEuen, Paul},
  volume={8},
  year={1996},
  publisher={Wiley New York}
}



% -----------------

@article {art:BLICKENSTAFF,
  author = {Blickenstaff, Loren D. and Morris, James M.},
  title = {Fatigue Fracture of the Femoral Neck},
  journal = {The Journal of Bone and Joint Surgery},
  volume = {48},
  number = {6},
  pages = {1031-1047},
  year = {1966}
}

@book {book:ENGEL,
   author = {Engel, J. and Blackwell, R. D. and Miniard, P. W.},
   title = {Comportamento do consumidor},
   edition = {8},
   publisher = {LTC}, 
   address = {Rio de Janeiro},  
   year = {2000}
}

@book {book:AMADO,
   author = {Amado, Jorge},
   title = {Capitães de areia},
   publisher = {Record}, 
   address = {Rio de Janeiro},  
   year = {1991},
   pages = 233
}

@book {book:AMADO2,
   author = {Amado, Jorge},
   title = {Gabriela cravo e canela},
   publisher = {Martins}, 
   address = {São Paulo},  
   year = {1958},
   pages = 453
}

@article{art:PRADO,
   author = {Prado, Geraldo},
   title = {A arena científica},
   journal = {Ciência da Informação},
   volume = {24},
   number = {2},
   year = {1995},
   address = {Brasíla},
   url={http://www.ibict.br/cionline/inicio.htm},
   urlaccessdate={16 dez.2003.},
   note = {\textbf{\textcolor{red}{(somente o
título da revista científica deve estar em negrito)}}
}}

@article{art:overfitting,
   title = {Overfitting},
   journal = {IBM Cloud Education},
   year = {2021},
   url={https://www.ibm.com/cloud/learn/overfitting},
   urlaccessdate={29 out.2021.}
}}

@article{art:random-forest,
   title = {Random Forest},
   journal = {Scikit Learn},
   year = {2022},
   url={https://scikit-learn.org/stable/modules/generated/sklearn.ensemble.RandomForestClassifier.html},
   urlaccessdate={26 jan.2022.}
}}

@article{art:grid-search-cv,
   title = {Grid Search CV},
   journal = {Scikit Learn},
   year = {2022},
   url={https://scikit-learn.org/stable/modules/generated/sklearn.model_selection.GridSearchCV.html},
   urlaccessdate={26 jan.2022.}
}}


@article{art:cross-validation,
   title = {Cross-validation: evaluating estimator performance},
   journal = {scikit learn},
   year = {2021},
   url={https://scikit-learn.org/stable/modules/cross_validation.html#cross-validation},
   urlaccessdate={29 out.2021.}
}}

@article{art:kendall2010,
   title = {Kendall tau metric},
   journal = {Springer - The European Mathematical Society},
   year = {2010},
   url={https://encyclopediaofmath.org/index.php?title=Kendall_tau_metric},
   urlaccessdate={22 nov.2021.}
}}

@article{kendall1970rank,
  title={Rank Correlation Methods 4th edition Charles Griffin},
  author={Kendall, MG},
  journal={High Wycombe, Bucks},
  year={1970}
}


@article{borg2020expanded,
  title={Expanded dataset of mechanical properties and observed phases of multi-principal element alloys},
  author={Borg, Christopher KH and Frey, Carolina and Moh, Jasper and Pollock, Tresa M and Gorsse, St{\'e}phane and Miracle, Daniel B and Senkov, Oleg N and Meredig, Bryce and Saal, James E},
  journal={Scientific Data},
  volume={7},
  number={1},
  pages={1--6},
  year={2020},
  publisher={Nature Publishing Group}
}

@article{kendall1938new,
  title={A new measure of rank correlation},
  author={Kendall, Maurice G},
  journal={Biometrika},
  volume={30},
  number={1/2},
  pages={81--93},
  year={1938},
  publisher={JSTOR}
}

@book{pinheiro2013probabilidade,
  title={Probabilidade e estat{\'\i}stica: quantificando a incerteza},
  author={Pinheiro, Joao and Cunha, Sonia and Gomes, Gast{\~a}o and Carvajal, Santiago},
  year={2013},
  publisher={Elsevier Brasil}
}

@book {book:OHANSSON,
   author = {Onhansson, Henry J. and others},
   title = {Processos de negócios:  como criar sinergia entre a estratégia de mercado e a excelência operacional},
   furtherresp = {Tradução de: Business process reengineering},
   note = {(Biblioteca Pioneira de Administração
e Negócios)\textbf{\textcolor{red}{(somente o título do livro deve estar em negrito, e a informação sobre a tradução deve vir após o subtítulo e antes do local de publicação)}}},
   publisher = {Pioneira}, 
   address = {São Paulo},  
   year = {1995},
   pages = {453}
}

@book{book:GHELLER,
   author = {Erinilda G. Gheller},
   title = {A busca pelo sagrado},
   address = {Porto Alegre},
   year = {1997},
publisher = {Edipucrs}
}